<?xml version="1.0" encoding="UTF-8"?><collection xmlns="http://www.loc.gov/MARC21/slim"><record><leader>00396nam--2200121-i-4500</leader><controlfield tag="001">000043128</controlfield><controlfield tag="002">20161230</controlfield><controlfield tag="005">20161230201043</controlfield><controlfield tag="008">060222s1000------------r-----000-0-eng-d</controlfield><datafield ind1=" " ind2=" " tag="100"><subfield code="a">Sunier,Jules-willy</subfield></datafield><datafield ind1=" " ind2=" " tag="245"><subfield code="a">Correlations angulaires directionnelles beta-gamma dans la desintegration de sb124, eu152 et eu 154</subfield></datafield><datafield ind1=" " ind2=" " tag="260"><subfield code="a">Zurich, L`Ecole Politechnique Federale, 1963. /429-457/ P</subfield></datafield><datafield ind1=" " ind2=" " tag="852"><subfield code="a">20716</subfield></datafield></record></collection>